@article{normand1996single,
  title={Single event upset at ground level},
  author={Normand, Eugene},
  journal={IEEE transactions on Nuclear Science},
  volume={43},
  number={6},
  pages={2742--2750},
  year={1996},
  publisher={Citeseer}
}

@inproceedings{wong2006soft,
  title={Soft error resilience of probabilistic inference applications},
  author={Wong, Vicky and Horowitz, Mark},
  booktitle={In Proceedings of the Workshop on System Effects of Logic Soft Errors},
  year={2006},
  organization={Citeseer}
}

@article{liu2012flikker,
  title={Flikker: saving DRAM refresh-power through critical data partitioning},
  author={Liu, Song and Pattabiraman, Karthik and Moscibroda, Thomas and Zorn, Benjamin G},
  journal={ACM SIGPLAN Notices},
  volume={47},
  number={4},
  pages={213--224},
  year={2012},
  publisher={ACM}
}

@inproceedings{sampson2011enerj,
  title={EnerJ: Approximate data types for safe and general low-power computation},
  author={Sampson, Adrian and Dietl, Werner and Fortuna, Emily and Gnanapragasam, Danushen and Ceze, Luis and Grossman, Dan},
  booktitle={ACM SIGPLAN Notices},
  volume={46},
  number={6},
  pages={164--174},
  year={2011},
  organization={ACM}
}

@article{ibe2010impact,
  title={Impact of scaling on neutron-induced soft error in SRAMs from a 250 nm to a 22 nm design rule},
  author={Ibe, Eishi and Taniguchi, Hitoshi and Yahagi, Yasuo and Shimbo, Ken-ichi and Toba, Tadanobu},
  journal={Electron Devices, IEEE Transactions on},
  volume={57},
  number={7},
  pages={1527--1538},
  year={2010},
  publisher={IEEE}
}

@inproceedings{hara2013cost,
  title={Cost-efficient scheduling in high-level synthesis for Soft-Error Vulnerability Mitigation},
  author={Hara-Azumi, Yuko and Tomiyama, Hiroyuki},
  booktitle={Quality Electronic Design (ISQED), 2013 14th International Symposium on},
  pages={502--507},
  year={2013},
  organization={IEEE}
}

@inproceedings{chen2014reliability,
  title={Reliability-aware Register Binding for Control-Flow Intensive Designs},
  author={Chen, Liang and Tahoori, Mehdi},
  booktitle={Proceedings of the The 51st Annual Design Automation Conference on Design Automation Conference},
  pages={1--6},
  year={2014},
  organization={ACM}
}

@inproceedings{tosun2005reliability,
  title={Reliability-centric high-level synthesis},
  author={Tosun, Suleyman and Mansouri, Nazanin and Arvas, Ercument and Kandemir, Mahmut and Xie, Yuan},
  booktitle={Design, Automation and Test in Europe, 2005. Proceedings},
  pages={1258--1263},
  year={2005},
  organization={IEEE}
}

@article{wu2004fault,
  title={Fault secure datapath synthesis using hybrid time and hardware redundancy},
  author={Wu, Kaijie and Karri, Ramesh},
  journal={Computer-Aided Design of Integrated Circuits and Systems, IEEE Transactions on},
  volume={23},
  number={10},
  pages={1476--1485},
  year={2004},
  publisher={IEEE}
}

@inproceedings{glass2007interactive,
  title={Interactive presentation: Reliability-aware system synthesis},
  author={Gla{\ss}, Michael and Lukasiewycz, Martin and Streichert, Thilo and Haubelt, Christian and Teich, J{\"u}rgen},
  booktitle={Proceedings of the conference on Design, automation and test in Europe},
  pages={409--414},
  year={2007},
  organization={EDA Consortium}
}

@inproceedings{antola1998high,
  title={High-level synthesis of data paths with concurrent error detection},
  author={Antola, Anna and Piuri, Vincenzo and Sami, Mariagiovanna},
  booktitle={Defect and Fault Tolerance in VLSI Systems, 1998. Proceedings., 1998 IEEE International Symposium on},
  pages={292--300},
  year={1998},
  organization={IEEE}
}

@inproceedings{rehman2012raise,
  title={Raise: Reliability-aware instruction scheduling for unreliable hardware},
  author={Rehman, Semeen and Shafique, Muhammad and Kriebel, Florian and Henkel, J{\"o}rg},
  booktitle={Design Automation Conference (ASP-DAC), 2012 17th Asia and South Pacific},
  pages={671--676},
  year={2012},
  organization={IEEE}
}

@inproceedings{canis2011legup,
  title={LegUp: high-level synthesis for FPGA-based processor/accelerator systems},
  author={Canis, Andrew and Choi, Jongsok and Aldham, Mark and Zhang, Victor and Kammoona, Ahmed and Anderson, Jason H and Brown, Stephen and Czajkowski, Tomasz},
  booktitle={Proceedings of the 19th ACM/SIGDA international symposium on Field programmable gate arrays},
  pages={33--36},
  year={2011},
  organization={ACM}
}

@article{feist2012vivado,
  title={Vivado design suite},
  author={Feist, Tom},
  journal={White Paper},
  year={2012}
}

@inproceedings{lattner2004llvm,
  title={LLVM: A compilation framework for lifelong program analysis \& transformation},
  author={Lattner, Chris and Adve, Vikram},
  booktitle={Code Generation and Optimization, 2004. CGO 2004. International Symposium on},
  pages={75--86},
  year={2004},
  organization={IEEE}
}

@inproceedings{reis2005swift,
  title={SWIFT: Software implemented fault tolerance},
  author={Reis, George A and Chang, Jonathan and Vachharajani, Neil and Rangan, Ram and August, David I},
  booktitle={Proceedings of the international symposium on Code generation and optimization},
  pages={243--254},
  year={2005},
  organization={IEEE Computer Society}
}

@inproceedings{vijaykumar2002transient,
  title={Transient-fault recovery using simultaneous multithreading},
  author={Vijaykumar, TN and Pomeranz, Irith and Cheng, Karl},
  booktitle={ACM SIGARCH Computer Architecture News},
  volume={30},
  number={2},
  pages={87--98},
  year={2002},
  organization={IEEE Computer Society}
}

@article{oh2002error,
  title={Error detection by duplicated instructions in super-scalar processors},
  author={Oh, Nahmsuk and Shirvani, Philip P and McCluskey, Edward J},
  journal={Reliability, IEEE Transactions on},
  volume={51},
  number={1},
  pages={63--75},
  year={2002},
  publisher={IEEE}
}

@article{oh2002control,
  title={Control-flow checking by software signatures},
  author={Oh, Nahmsuk and Shirvani, Philip P and McCluskey, Edward J},
  journal={Reliability, IEEE Transactions on},
  volume={51},
  number={1},
  pages={111--122},
  year={2002},
  publisher={IEEE}
}

@article{hara2009proposal,
  title={Proposal and quantitative analysis of the CHStone benchmark program suite for practical C-based high-level synthesis},
  author={Hara, Yuko and Tomiyama, Hiroyuki and Honda, Shinya and Takada, Hiroaki},
  journal={Journal of Information Processing},
  volume={17},
  pages={242--254},
  year={2009},
  publisher={Information Processing Society of Japan}
}

@INPROCEEDINGS{Nazar2013,
author={Nazar, G.L. and Santos, L.P. and Carro, L.},
booktitle={23rd International Conference on Field Programmable Logic and Applications (FPL), 2013},
title={Accelerated FPGA repair through shifted scrubbing},
year={2013},
month={Sept},
pages={1-6},
keywords={SRAM chips;field programmable gate arrays;integrated circuit reliability;MTTR reduction;SRAM-based FPGA;accelerated FPGA repair;configuration memory;dependability threat;mean time to repair;nonuniform distribution;reliability aspects;scrubbing technique;triggered shifted scrubbing procedure;Circuit faults;Field programmable gate arrays;Maintenance engineering;Reliability;Routing;Standards;Tunneling magnetoresistance},
doi={10.1109/FPL.2013.6645533},
}

@INPROCEEDINGS{Siegle2013,
author={Siegle, F. and Vladimirova, T. and Emam, O. and Ilstad, J.},
booktitle={NASA/ESA Conference on Adaptive Hardware and Systems (AHS), 2013},
title={Adaptive FDIR framework for payload data processing systems using reconfigurable FPGAs},
year={2013},
month={June},
pages={15-22},
keywords={SRAM chips;aerospace computing;data handling;fault tolerant computing;field programmable gate arrays;network-on-chip;SRAM-based FPGA;adaptive FDIR framework;distributed failure detection technique;failure detection mechanism;fault detection-isolation-and-recovery approach;field programmable gate array;network routing switch;network-on-chip implementation;payload data processing system;reconfigurable FPGA;static random access memory;Availability;Circuit faults;Field programmable gate arrays;Maintenance engineering;Payloads;Redundancy;Tunneling magnetoresistance},
doi={10.1109/AHS.2013.6604221},
}

@INPROCEEDINGS{Sreeramareddy2008,
author={Sreeramareddy, A. and Josiah, J.G. and Akoglu, A. and Stoica, A.},
booktitle={Adaptive Hardware and Systems, 2008. AHS '08. NASA/ESA Conference on},
title={SCARS: Scalable Self-Configurable Architecture for Reusable Space Systems},
year={2008},
month={June},
pages={204-210},
keywords={field programmable gate arrays;logic design;logic testing;Cirronet DM2200 wireless mesh nodes;SCARS;Xilinx Virtex-5 FPGA;adaptive systems;autonomous wireless healing capability;critical missions;field programmable gate arrays;network-level healing;networked node devices;node-level;partial reconfiguration;reconfigurable devices;reconfigurable hardware;reusable space systems;scalable self-configurable architecture;two-level self-healing methodology;Adaptive systems;Application software;Circuit faults;Field programmable gate arrays;Hardware;NASA;Reconfigurable logic;Redundancy;Space technology;Testing},
doi={10.1109/AHS.2008.77},
}

@INPROCEEDINGS{Jacobs2009,
author={Jacobs, A. and George, A.D. and Cieslewski, G.},
booktitle={Field Programmable Logic and Applications, 2009. FPL 2009. International Conference on},
title={Reconfigurable fault tolerance: A framework for environmentally adaptive fault mitigation in space},
year={2009},
month={Aug},
pages={199-204},
keywords={Markov processes;SRAM chips;aerospace computing;fault tolerant computing;field programmable gate arrays;reconfigurable architectures;SRAM based FPGA;TMR techniques;aerospace application;field programmable gate array;next generation mission requirements;phased mission Markov modeling;reconfigurable fault tolerance;static RAM;triple modular redundancy;Design engineering;Environmental factors;Fault tolerance;Fault tolerant systems;Field programmable gate arrays;Power engineering and energy;Power system reliability;Redundancy;Reliability engineering;Systems engineering and theory},
doi={10.1109/FPL.2009.5272313},
ISSN={1946-1488},
}

@inproceedings{hoffmann2010application,
  title={Application heartbeats: a generic interface for specifying program performance and goals in autonomous computing environments},
  author={Hoffmann, Henry and Eastep, Jonathan and Santambrogio, Marco D and Miller, Jason E and Agarwal, Anant},
  booktitle={Proceedings of the 7th international conference on Autonomic computing},
  pages={79--88},
  year={2010},
  organization={ACM}
}

@article{Drineas2004,
 author = {Drineas, P. and Frieze, A. and Kannan, R. and Vempala, S. and Vinay, V.},
 title = {{Clustering Large Graphs via the Singular Value Decomposition}},
 journal = {Mach. Learn.},
 volume = {56},
 number = {1-3},
 month = jun,
 year = {2004},
 pages = {9--33}
}

@inproceedings{Winterstein2013,
  booktitle={Proc. Int. Conf. on Field Programmable Logic and Appl.},
  author        = {Winterstein, Felix and Bayliss, Samuel and Constantinides, George},
  title         = {{FPGA-Based K-Means Clustering using Tree-Based Data Structures}},
  pages={1-6},
  year={2013}
}

@INPROCEEDINGS{PenShu2005,
    author={Pen-Shu Yeh and Armbruster, P. and Kiely, A. and Masschelein, B. and Moury, G. and Schaefer, C. and Thiebaut, C.},
    booktitle={Aerospace Conference, 2005 IEEE},
    title={The new CCSDS image compression recommendation},
    year={2005},
    month={March},
    pages={4138-4145},
}

@INPROCEEDINGS{Fleming2013,
author={Fleming, S.T. and Thomas, D.B.},
booktitle={Field Programmable Logic and Applications (FPL), 2013 23rd International Conference on},
title={FPGA based control for real time systems},
year={2013},
month={Sept},
pages={1-2},
doi={10.1109/FPL.2013.6645610},}

@misc{OPSSAT,
title = {{OPS-SAT - Evolving Software Technology for Spacecraft Operations}},
url = {http://www.esa.int/Our\_Activities/Operations/OPS-SAT/}
}

@article{lubbers2009reconos,
  title={ReconOS: Multithreaded programming for reconfigurable computers},
  author={L{\"u}bbers, Enno and Platzner, Marco},
  journal={ACM Transactions on Embedded Computing Systems (TECS)},
  volume={9},
  number={1},
  pages={8},
  year={2009},
  publisher={ACM}
}

@misc{website:ZC702_Power_measuring,
      author = "E.Srikanth",
      title = "Zynq-7000 AP SoC Measuring ZC702 Power using Linux Application Tech Tip",
      month = "January",
      year = "2014",
      url = "http://www.wiki.xilinx.com/Zynq-7000+AP+SoC+Measuring+ZC702+Power+using+Linux+Application+Tech+Tip"
}

@misc{youtube:oarfish,
	author={Mako Technologies },
	title={Video of the Oarfish, Regalecus glesne},
	url={https://www.youtube.com/watch?v=-yIWfCAC5y0}
}

@manual{zynq_trm,
	title={Zynq-7000 All Programmable SoC, Technical Reference Manual},
	organization={Xilinx},
	year={2014}
}

@manual{zynq_opencv,
	title={Accelerating OpenCV Applications with Zynq-7000 All Programmable SoC using Vivado HLS Video Libraries},
	author={Stephen Neuendorffer, Thomas Li, Devin Wang},
	organization={Xilinx},
	year={2013}
}

@article{huebscher2008survey,
  title={A survey of autonomic computing—degrees, models, and applications},
  author={Huebscher, Markus C and McCann, Julie A},
  journal={ACM Computing Surveys (CSUR)},
  volume={40},
  number={3},
  pages={7},
  year={2008},
  publisher={ACM}
}

@inproceedings{schmeck2005organic,
  title={Organic computing-a new vision for distributed embedded systems},
  author={Schmeck, Hartmut},
  booktitle={Object-Oriented Real-Time Distributed Computing, 2005. ISORC 2005. Eighth IEEE International Symposium on},
  pages={201--203},
  year={2005},
  organization={IEEE}
}

@article{lewis2012outlook,
  title={An outlook for self-awareness in computing systems},
  author={Lewis, Peter and Platzner, Marco and Yao, Xin},
  journal={Awareness Magazine},
  year={2012}
}

@article{dobson2010fulfilling,
  title={Fulfilling the vision of autonomic computing},
  author={Dobson, Simon and Sterritt, Roy and Nixon, Paddy and Hinchey, Mike},
  journal={Computer},
  volume={43},
  number={1},
  pages={35--41},
  year={2010},
  publisher={IEEE}
}

@article{hoffmann2011seec,
  title={Seec: A general and extensible framework for self-aware computing},
  author={Hoffmann, Henry and Maggio, Martina and Santambrogio, Marco D and Leva, Alberto and Agarwal, Anant},
  year={2011}
}

@inproceedings{sironi2010self,
  title={Self-aware adaptation in FPGA-based systems},
  author={Sironi, Filippo and Triverio, Marco and Hoffmann, Henry and Maggio, Martina and Santambrogio, Marco D},
  booktitle={Field Programmable Logic and Applications (FPL), 2010 International Conference on},
  pages={187--192},
  year={2010},
  organization={IEEE}
}

@inproceedings{happe2012hardware,
  title={HARDWARE/SOFTWARE PLATFORM FOR SELF-AWARE COMPUTE NODES},
  author={Happe, Markus and Agne, Andreas and Plessl, Christian and Platzner, Marco},
  booktitle={Workshop on Self-Awareness in Reconfigurable Computing Systems (SRCS)},
  pages={8},
  year={2012},
  organization={Citeseer}
}

@inproceedings{eastep2010smartlocks,
  title={Smartlocks: lock acquisition scheduling for self-aware synchronization},
  author={Eastep, Jonathan and Wingate, David and Santambrogio, Marco D and Agarwal, Anant},
  booktitle={Proceedings of the 7th international conference on Autonomic computing},
  pages={215--224},
  year={2010},
  organization={ACM}
}

@article{bellard2007ffmpeg,
  title={FFmpeg},
  author={Bellard, F and Niedermayer, M and others},
  journal={Internet: http://www. ffmpeg. org,[17 Sept, 2013]},
  year={2007}
}

@inproceedings{esmaeilzadeh2011dark,
  title={Dark silicon and the end of multicore scaling},
  author={Esmaeilzadeh, Hadi and Blem, Emily and Amant, Renee St and Sankaralingam, Karthikeyan and Burger, Doug},
  booktitle={Computer Architecture (ISCA), 2011 38th Annual International Symposium on},
  pages={365--376},
  year={2011},
  organization={IEEE}
}

@techreport{xilinx2014reliability,
    author={Xilinx},
    title={Device Reliability report},
    month={March},
    year={2015}
}

@inproceedings{chandra2008impact,
  title={Impact of technology and voltage scaling on the soft error susceptibility in nanoscale CMOS},
  author={Chandra, Vikas and Aitken, Robert},
  booktitle={Defect and Fault Tolerance of VLSI Systems, 2008. DFTVS'08. IEEE International Symposium on},
  pages={114--122},
  year={2008},
  organization={IEEE}
}

@inproceedings{fleming2014heterogeneous,
  title={Heterogeneous Heartbeats: A framework for dynamic management of Autonomous SoCs},
  author={Fleming, Shane T and Thomas, David B},
  booktitle={Field Programmable Logic and Applications (FPL), 2014 24th International Conference on},
  pages={1--6},
  year={2014},
  organization={IEEE}
}

@inproceedings{thomas2015transparent,
  title={Transparent linking of compiled software and synthesized hardware},
  author={Thomas, David B and Fleming, Shane T and Constantinides, George A and Ghica, Dan R},
  booktitle={Proceedings of the 2015 Design, Automation \& Test in Europe Conference \& Exhibition},
  pages={1084--1089},
  year={2015},
  organization={EDA Consortium}
}

@inproceedings{fleming2015system,
  title={System-level Linking of Synthesised Hardware and Compiled Software Using a Higher-order Type System},
  author={Fleming, Shane and Thomas, David and Constantinides, George and Ghica, Dan},
  booktitle={Proceedings of the 2015 ACM/SIGDA International Symposium on Field-Programmable Gate Arrays},
  pages={214--217},
  year={2015},
  organization={ACM}
}

@inproceedings{thomas2015PushPush,
  title={The PushPush protocol: seamless integration of hardware and software objects via function calls over AXI},
  author={Thomas, David B and Fleming, Shane and Beretta, Ivan and Ghica, Dan and Constantinides, George},
  booktitle={Field Programmable Logic and Applications (FPL), 2015 25th International Conference on},
  year={2015},
  organization={IEEE}
}

@INPROCEEDINGS{ghica-09-game-semantics, 
author={Ghica, D.R.}, 
booktitle={Logic In Computer Science, 2009. LICS '09. 24th Annual IEEE Symposium on}, 
title={Applications of Game Semantics: From Program Analysis to Hardware Synthesis}, 
year={2009}, 
month={Aug}, 
pages={17-26}, 
keywords={finite state machines;formal specification;game theory;program diagnostics;programming language semantics;finite state model checking;game semantics;hardware design;hardware synthesis;higher order model checking;program analysis;Application software;Computer languages;Computer science;Context modeling;Hardware;Law;Legal factors;Logic;Processor scheduling;Terminology;game semantics;hardware compilation;hardware synthesis;program analysis;program verification}, 
doi={10.1109/LICS.2009.26}, 
ISSN={1043-6871},}

@inproceedings{jussel-03-software-compiled-system-design,
 title={Software-Compiled System Design: A Methodology for Field-Programmable Design},
 author={Jeff Jussel},
 year={2003},
 booktitle={Workshop on Electronic Design Processes}
}

@inproceedings{singh-13-altera-opencl,
 author = {Singh, Deshanand P. and Czajkowski, Tomasz S. and Ling, Andrew},
 title = {Harnessing the Power of FPGAs Using Altera's OpenCL Compiler},
 booktitle = {Proceedings of the ACM/SIGDA International Symposium on Field Programmable Gate Arrays},
 series = {FPGA '13},
 year = {2013},
 isbn = {978-1-4503-1887-7},
 location = {Monterey, California, USA},
 pages = {5--6},
 numpages = {2},
 url = {http://doi.acm.org/10.1145/2435264.2435268},
 doi = {10.1145/2435264.2435268},
 acmid = {2435268},
 publisher = {ACM},
 address = {New York, NY, USA},
 keywords = {FPGAs, OpenCL},
}

@inproceedings{pelaez-14-verity-fccm,
 title={Compiling Higher Order Functional Programs to Composable Digital Hardware},
 author={Eduardo Aguilar-Pelaez and Samuel Bayliss and Alex Smith and Felix Winterstein and Dan R. Ghica and David Thomas and George A. Constantinides},
 year={2014},
 booktitle={Proc. FCCM}
}

@article{ghica-11-gos-4,
 author = {Ghica, Dan R. and Smith, Alex and Singh, Satnam},
 title = {Geometry of Synthesis Iv: Compiling Affine Recursion into Static Hardware},
 journal = {SIGPLAN Not.},
 issue_date = {September 2011},
 volume = {46},
 number = {9},
 month = sep,
 year = {2011},
 issn = {0362-1340},
 pages = {221--233},
 numpages = {13},
 url = {http://doi.acm.org/10.1145/2034574.2034805},
 doi = {10.1145/2034574.2034805},
 acmid = {2034805},
 publisher = {ACM},
 address = {New York, NY, USA},
 keywords = {affine typing, geometry of synthesis, recursion},
}

@article{canis-12-legup-overview,
 author = {Canis, Andrew and Choi, Jongsok and Aldham, Mark and Zhang, Victor and Kammoona, Ahmed and Czajkowski, Tomasz and Brown, Stephen D. and Anderson, Jason H.},
 title = {LegUp: An open-source high-level synthesis tool for FPGA-based processor/accelerator systems},
 journal = {ACM Trans. Embed. Comput. Syst.},
 issue_date = {September 2013},
 volume = {13},
 number = {2},
 month = sep,
 year = {2013},
 issn = {1539-9087},
 pages = {24:1--24:27},
 articleno = {24},
 numpages = {27},
 url = {http://doi.acm.org/10.1145/2514740},
 doi = {10.1145/2514740},
 acmid = {2514740},
 publisher = {ACM},
 address = {New York, NY, USA},
 keywords = {FPGAs, High-level synthesis, field-programmable gate arrays, hardware/software codesign, performance, power, synthesis},
}

@article{lubbers-09-platzner,
 author = {L\"{u}bbers, Enno and Platzner, Marco},
 title = {ReconOS: Multithreaded Programming for Reconfigurable Computers},
 journal = {ACM Trans. Embed. Comput. Syst.},
 issue_date = {October 2009},
 volume = {9},
 number = {1},
 month = oct,
 year = {2009},
 issn = {1539-9087},
 pages = {8:1--8:33},
 articleno = {8},
 numpages = {33},
 url = {http://doi.acm.org/10.1145/1596532.1596540},
 doi = {10.1145/1596532.1596540},
 acmid = {1596540},
 publisher = {ACM},
 address = {New York, NY, USA},
 keywords = {Reconfigurable computing, multithreading, operating systems},
}

@inproceedings{beazley-96-swig,
 author = {Beazley, David M.},
 title = {SWIG: An Easy to Use Tool for Integrating Scripting Languages with {C} and {C++}},
 booktitle = {Proc. USENIX Tcl/Tk Workshop},
 series = {TCLTK'96},
 year = {1996},
 location = {Monterey, California},
 pages = {15--15},
 numpages = {1},
 url = {http://dl.acm.org/citation.cfm?id=1267498.1267513},
 acmid = {1267513},
 publisher = {USENIX Association},
 address = {Berkeley, CA, USA},
}

@article{canis-12-legup-overview-et-al,
 author = {{Andrew Canis et. al.}},
 title = {LegUp: An open-source high-level synthesis tool for FPGA-based processor/accelerator systems},
 journal = {ACM Trans. Embed. Comput. Syst.},
 issue_date = {September 2013},
 volume = {13},
 number = {2},
 month = sep,
 year = {2013},
 issn = {1539-9087},
 pages = {24:1--24:27},
 articleno = {24},
 numpages = {27},
 url = {http://doi.acm.org/10.1145/2514740},
 doi = {10.1145/2514740},
 acmid = {2514740},
 publisher = {ACM},
 address = {New York, NY, USA},
 keywords = {FPGAs, High-level synthesis, field-programmable gate arrays, hardware/software codesign, performance, power, synthesis},
}

@inproceedings{jacobsen-13-riffa-2,
  author    = {Matthew Jacobsen and
               Ryan Kastner},
  title     = {{RIFFA} 2.0: {A} reusable integration framework for {FPGA} accelerators},
  booktitle = {Proc. FPL},
  year      = {2013},
  pages     = {1--8},
  url       = {http://dx.doi.org/10.1109/FPL.2013.6645504},
  doi       = {10.1109/FPL.2013.6645504},
  timestamp = {Mon, 29 Sep 2014 06:07:28 +0200},
  biburl    = {http://dblp.uni-trier.de/rec/bib/conf/fpl/JacobsenK13},
  bibsource = {dblp computer science bibliography, http://dblp.org}
}

@inproceedings{adler-11-leap-scratchpads-et-al,
  author    = {Michael Adler and
               Kermin Fleming and
               Angshuman Parashar and
               Michael Pellauer and
               Joel S. Emer},
  title     = {Leap scratchpads: automatic memory and cache management for reconfigurable
               logic},
  booktitle = {Proc. FPGA},
  year      = {2011},
  pages     = {25--28},
  url       = {http://doi.acm.org/10.1145/1950413.1950421},
  doi       = {10.1145/1950413.1950421},
  timestamp = {Tue, 30 Sep 2014 12:36:20 +0200},
  biburl    = {http://dblp.uni-trier.de/rec/bib/conf/fpga/AdlerFPPE11},
  bibsource = {dblp computer science bibliography, http://dblp.org}
}


@inproceedings{adler-11-leap-scratchpads,
  author    = {{Michael Adler et. al.}},
  title     = {Leap scratchpads: automatic memory and cache management for reconfigurable
               logic},
  booktitle = {Proc. FPGA},
  year      = {2011},
  pages     = {25--28},
  url       = {http://doi.acm.org/10.1145/1950413.1950421},
  doi       = {10.1145/1950413.1950421},
  timestamp = {Tue, 30 Sep 2014 12:36:20 +0200},
  biburl    = {http://dblp.uni-trier.de/rec/bib/conf/fpga/AdlerFPPE11},
  bibsource = {dblp computer science bibliography, http://dblp.org}
}

@article{barba-12-integration-infrastructure-for-embedded-systems,
title = "A comprehensive integration infrastructure for embedded system design ",
journal = "Microprocessors and Microsystems ",
volume = "36",
number = "5",
pages = "383 - 392",
year = "2012",
note = "Special Issue on Design of Circuits and Integrated Systems ",
issn = "0141-9331",
doi = "http://dx.doi.org/10.1016/j.micpro.2012.02.007",
url = "http://www.sciencedirect.com/science/article/pii/S0141933112000245",
author = "Jes\'us Barba and Fernando Rinc\'on and Francisco Moya and Julio Daniel Dondo and Juan Carlos López",
keywords = "System-on-Chip co-design",
keywords = "Interface synthesis",
keywords = "Object-oriented design methodology for embedded systems",
keywords = "HW/SW interfacing "
}

@INPROCEEDINGS{barba-14-hardware-indirect-proxies, 
author={Barba, J. and Rincon, F. and Dondo, J.D. and Fuente, D. and Moya, F. and Lopez, J.C.}, 
booktitle={Design of Circuits and Integrated Circuits (DCIS), 2014 Conference on}, 
title={More robustness and flexibility for FPGA based networked embedded systems through hardware indirect proxies}, 
year={2014}, 
month={Nov}, 
pages={1-6}, 
keywords={adaptive systems;embedded systems;field programmable gate arrays;integrated circuit design;quality of service;system-on-chip;FPGA;QoS;SoC;Xilinx technology;adaptive systems;dynamic reconfiguration;field programmable gate arrays;hardware indirect proxies;hybrid object-oriented middleware;networked embedded designs;networked embedded systems;networked systems;permanent error management;quality of service;systems-on-chips;Adaptive systems;Field programmable gate arrays;Hardware;Middleware;Servers;System-on-chip}, 
doi={10.1109/DCIS.2014.7035589},}

@article{huong-11-frame-layout-cpu-fpga-calls,
    journal={Microprocessors and Microsystems},
    volume={35},
    issue={5},
    year={2011},
    pages={462--472},
    title={Applying frame layout to hardware design in {FPGA} for seamless support of cross calls in {CPU-FPGA} coupling architecture},
    authors={Giang Nguyen Thi Huong and Yeoul Na and Seon Wook Kim}
}

@INPROCEEDINGS{cervero-13-, 
author={Cervero, T. and Dondo, J. and Gomez, A. and Pena, X. and Lopez, S. and Rincon, F. and Sarmiento, R. and Lopez, J.C.}, 
booktitle={Digital System Design (DSD), 2013 Euromicro Conference on}, 
title={A Resource Manager for Dynamically Reconfigurable FPGA-Based Embedded Systems}, 
year={2013}, 
month={Sept}, 
pages={633-640}, 
keywords={distributed processing;embedded systems;field programmable gate arrays;reconfigurable architectures;resource allocation;scheduling;distributed network;dynamically reconfigurable FPGA-based embedded systems;placement task;reconfigurable systems;reconfiguration process;resource manager;reusability;scheduling task;software-hardware dynamic resource management system;Dynamic scheduling;Engines;Field programmable gate arrays;Hardware;Object recognition;Software;Dynamic reconfiguration;FPGA;hierarchical reconfigurable region;reconfiguration engine;scalable design;scheduling}, 
doi={10.1109/DSD.2013.75},}

@inproceedings{king-15-connectal,
 title={Software-Driven Hardware Development},
 author={Myron King and Jamey Hicks and John Ankcorn},
 year={2015},
 booktitle={Proc. International Symposium on Field Programmable Gate Arrays},
 pages={13--22}
}


@inproceedings{chiu2009software,
  title={The Software and Hardware Integration Linker for Reconfigurable Embedded System},
  author={Chiu, Jih-Ching and Yeh, Ta-Li and Leong, Mun-Kit},
  booktitle={Computational Science and Engineering, 2009. CSE'09. International Conference on},
  volume={2},
  pages={520--525},
  year={2009},
  organization={IEEE}
}

@inproceedings{preusser2014ready,
  title={Ready {PCIe} data streaming solutions for FPGAs},
  author={Preusser, Thomas B and Spallek, Rainer G},
  booktitle={Field Programmable Logic and Applications (FPL), 2014 24th International Conference on},
  pages={1--4},
  year={2014},
  organization={IEEE}
}

@inproceedings{evans2014ops,
  title={OPS-SAT: An ESA Nanosatellite for Accelerating Innovation in Satellite Control},
  author={Evans, David and Merri, Mario},
  booktitle={SpaceOps Conferences},
  year={2014}
}
